@Article{Swendsen91,
  author  = {R. Swendsen},
  title   = {Acceleration Methods for {M}onte {C}arlo Computer Simulations},
  journal = {Computer Physics Communications},
  year    = {1991},
  volume  = {65},
  number  = {1/3},
  pages   = {281--288},
  doi     = {10.1016/0010-4655(91)90181-J},
}

@Book{Winkler2006,
	Title                    = {Image Analysis, Random Fields and Markov Chain Monte Carlo Methods: A Mathematical Introduction},
	Author                   = {G. Winkler},
	Publisher                = {Springer},
	Year                     = {2006},
	Edition                  = {2},
	Series                   = {Stochastic Modelling and Applied Probability},
}


@Article{SwendsenWang87,
	author  = {R. Swendsen and J. Wang},
	title   = {Nonuniversal Critical Dynamics in {M}onte {C}arlo Simulations},
	journal = {Physical Review Letters},
	year    = {1987},
	volume  = {58},
	number  = {2},
	pages   = {86--88},
	doi     = {10.1103/PhysRevLett.58.86},
}


@Article{geman84,
	Title                    = {Stochastic relaxation, {G}ibbs distributions and the {B}ayesian restoration of images},
	Author                   = {D. Geman and S. Geman},
	Journal                  = {IEEE Transactions on Pattern Analysis and Machine Intelligence},
	Pages                    = {721--741},
	Volume                   = {6},
	Year                     = {1984},
	Month                    = nov,
	Number                   = {6},
}


@article{buseucam92,
	Author = {Bustos, O. H. and Frery, A. C.},
	Groups = {Journals},
	Journal = {Computational and Applied Mathematics},
	Month = {Jan., Sept.},
	Number = {1},
	Pages = {17--29, 281--285},
	Title = {A contribution to the study of {M}arkovian degraded images: an extension of a theorem by {G}eman and {G}eman},
	Volume = {11},
	Year = {1992}
}

@Article{ScalableBayesianInferencefortheInverseTemperatureofaHiddenPottsModel2018,
	author    = {M. Moores and G. Nicholls and A. Pettitt and K. Mengersen},
	title     = {Scalable {B}ayesian Inference for the Inverse Temperature of a Hidden {P}otts Model},
	journal   = {Bayesian Analysis},
	year      = {2018},
	pages     = {1--27},
	month     = {dec},
	doi       = {10.1214/18-ba1130},
	publisher = {Institute of Mathematical Statistics},
}

@Manual{R,
    title = {R: A Language and Environment for Statistical Computing},
    author = {{R Core Team}},
    organization = {R Foundation for Statistical Computing},
    address = {Vienna, Austria},
    year = {2019},
    url = {https://www.R-project.org/},
  }